@Misc{DataSets,
  title = {Datasets for Binary Entity Resolution},
  author = {Database group of Prof. Erhard Rahm},
  year = {2019},
  howpublished = {\url{https://dbs.uni-leipzig.de/research/projects/object_matching/benchmark_datasets_for_entity_resolution}}
}

@article{kopcke2010evaluation,
  title={Evaluation of entity resolution approaches on real-world match problems},
  author={K{\"o}pcke, Hanna and Thor, Andreas and Rahm, Erhard},
  journal={Proceedings of the VLDB Endowment},
  volume={3},
  number={1-2},
  pages={484--493},
  year={2010},
  publisher={VLDB Endowment}
}

@software{de_bruin_j_2019_3559043,
  author       = {De Bruin, J},
  title        = {{Python Record Linkage Toolkit: A toolkit for
                   record linkage and duplicate detection in Python}},
  month        = dec,
  year         = 2019,
  publisher    = {Zenodo},
  version      = {v0.14},
  doi          = {10.5281/zenodo.3559043},
  url          = {https://doi.org/10.5281/zenodo.3559043}
}

@ARTICLE{Levenshtein,
	author = {{Levenshtein}, V.~I.},
	title = "{Binary Codes Capable of Correcting Deletions, Insertions and Reversals}",
	journal = {Soviet Physics Doklady},
	year = 1966,
	month = feb,
	volume = {10},
	pages = {707}
}

@article{Jaro,
	author = { Matthew A.   Jaro },
	title = {Advances in Record-Linkage Methodology as Applied to Matching the 1985 Census of Tampa, Florida},
	journal = {Journal of the American Statistical Association},
	volume = {84},
	number = {406},
	pages = {414-420},
	year  = {1989},
	publisher = {Taylor & Francis},
	doi = {10.1080/01621459.1989.10478785}
}

@INPROCEEDINGS{Winkler,
	author = {William E. Winkler and Yves Thibaudeau},
	title = {An Application Of The Fellegi-Sunter Model Of Record Linkage To The 1990 U.S. Decennial Census},
	booktitle = {U.S. Decennial Census”. Technical report, US Bureau of the Census},
	year = {1990}
}

@article{Damerau,
	author = {Damerau, Fred J.},
	title = {A Technique for Computer Detection and Correction of Spelling Errors},
	year = {1964},
	issue_date = {March 1964},
	publisher = {Association for Computing Machinery},
	address = {New York, NY, USA},
	volume = {7},
	number = {3},
	issn = {0001-0782},
	url = {https://doi.org/10.1145/363958.363994},
	doi = {10.1145/363958.363994},
	journal = {Commun. ACM},
	month = mar,
	pages = {171–176},
	numpages = {6}
}

@article{Ukkonen,
	title = "Approximate string-matching with q-grams and maximal matches",
	journal = "Theoretical Computer Science",
	volume = "92",
	number = "1",
	pages = "191 - 211",
	year = "1992",
	issn = "0304-3975",
	doi = "https://doi.org/10.1016/0304-3975(92)90143-4",
	url = "http://www.sciencedirect.com/science/article/pii/0304397592901434",
	author = "Esko Ukkonen"
}

@article{Smith-Waterman,
	title = "Identification of common molecular subsequences",
	journal = "Journal of Molecular Biology",
	volume = "147",
	number = "1",
	pages = "195 - 197",
	year = "1981",
	issn = "0022-2836",
	doi = "https://doi.org/10.1016/0022-2836(81)90087-5",
	url = "http://www.sciencedirect.com/science/article/pii/0022283681900875",
	author = "T.F. Smith and M.S. Waterman"
}


