@misc{stylegan2,
    title={Analyzing and Improving the Image Quality of StyleGAN},
    author={Tero Karras and Samuli Laine and Miika Aittala and Janne Hellsten and Jaakko Lehtinen and Timo Aila},
    year={2019},
    eprint={1912.04958},
    archivePrefix={arXiv},
    primaryClass={cs.CV}
}
@misc{kagglewinner,
title={Kaggle Diabetic Retinopathy Detection competition report},
author={Ben Graham},
year={2015},
url={https://github.com/btgraham/SparseConvNet/blob/kaggle_Diabetic_Retinopathy_competition/competitionreport.pdf}
}